@book{aggarwal2018neural,
  author    = {Charu C. Aggarwal},
  title     = {Neural Networks and Deep Learning: A Textbook},
  edition   = {1st},
  publisher = {Springer},
  address   = {Cham},
  year      = {2018},
}

@book{cutter2000brain,
  author    = {M. A. G. Cutter},
  title     = {Brain: Understanding Neurobiology through the Study of Addiction},
  publisher = {BSCS},
  address   = {Colorado Springs},
  year      = {2000},
}

@incollection{dawe2015behavior,
  author    = {Michael Dawe and others},
  title     = {Behavior Selection Algorithms: An Overview},
  booktitle = {Game AI Pro: Collected Wisdom of Game AI Professionals},
  editor    = {S. Rabin},
  edition   = {1st},
  publisher = {CRC Press},
  pages     = {47--60},
  year      = {2015},
}

@incollection{dill2015whatis,
  author    = {Kevin Dill},
  title     = {What Is Game AI},
  booktitle = {Game AI Pro: Collected Wisdom of Game AI Professionals},
  editor    = {S. Rabin},
  edition   = {1st},
  publisher = {CRC Press},
  pages     = {3--9},
  year      = {2015},
}

@inproceedings{glorot2011understanding,
  author    = {Xavier Glorot and Yoshua Bengio and Arnaud Allauzen},
  title     = {Understanding the Difficulty of Training Deep Feedforward Neural Networks},
  booktitle = {Proceedings of the Thirteenth International Conference on Artificial Intelligence and Statistics (AISTATS)},
  year      = {2011},
}

@book{goodfellow2016deep,
  author    = {Ian Goodfellow and Yoshua Bengio and Aaron Courville},
  title     = {Deep Learning},
  publisher = {MIT Press},
  address   = {Cambridge},
  year      = {2016},
}

@book{haykin2008neural,
  author    = {Simon Haykin},
  title     = {Neural Networks and Learning Machines},
  edition   = {3rd},
  publisher = {Pearson Education},
  address   = {Upper Saddle River},
  year      = {2008},
}

@article{hinton2012layer,
  author    = {G. E. Hinton and V. Nair and B. Russell},
  title     = {Layer Normalization},
  journal   = {2012},
  year      = {2012},
}

@inproceedings{krizhevsky2012imagenet,
  author    = {Alex Krizhevsky and Ilya Sutskever and Geoffrey E. Hinton},
  title     = {ImageNet Classification with Deep Convolutional Neural Networks},
  booktitle = {Proceedings of the 25th International Conference on Neural Information Processing Systems (NIPS)},
  year      = {2012},
}

@article{lecun2015deep,
  author    = {Yann LeCun and Yoshua Bengio and Geoffrey Hinton},
  title     = {Deep Learning},
  journal   = {Nature},
  volume    = {521},
  number    = {7553},
  pages     = {436--444},
  year      = {2015},
}

@inproceedings{lillicrap2016continuous,
  author    = {Timothy Lillicrap and J. H. Hunt and David Pastrana and others},
  title     = {Continuous Control with Deep Reinforcement Learning},
  booktitle = {Proceedings of the 4th International Conference on Learning Representations (ICLR)},
  address   = {San Juan},
  year      = {2016},
}

@article{mnih2015human,
  author    = {Volodymyr Mnih and Koray Kavukcuoglu and David Silver and Stuart J. Russell},
  title     = {Human-level Control through Deep Reinforcement Learning},
  journal   = {Nature},
  volume    = {518},
  number    = {7540},
  pages     = {529--533},
  year      = {2015},
}

@inproceedings{nair2010rectified,
  author    = {Vinod Nair and Geoffrey E. Hinton},
  title     = {Rectified Linear Units Improve Restricted Boltzmann Machines},
  booktitle = {Proceedings of the 27th International Conference on Machine Learning (ICML)},
  year      = {2010},
}

@book{nielsen2015neural,
  author    = {Michael A. Nielsen},
  title     = {Neural Networks and Deep Learning: A Textbook},
  note      = {Determination of whether a neural network is overfitting or not, based on validation and training errors},
  year      = {2015},
  url       = {http://neuralnetworksanddeeplearning.com/},
  note      = {Acesso em: 25 jul. 2024},
}

@article{rumelhart1986learning,
  author    = {David E. Rumelhart and Geoffrey E. Hinton and Ronald J. Williams},
  title     = {Learning Representations by Back-Propagating Errors},
  journal   = {Nature},
  volume    = {323},
  number    = {6088},
  pages     = {533--536},
  year      = {1986},
}

@book{russel2020artificial,
  author    = {Stuart Russel and Peter Norvig},
  title     = {Artificial Intelligence: A Modern Approach},
  edition   = {4th},
  publisher = {Pearson},
  year      = {2020},
}

@article{schulman2017proximal,
  author    = {Schulman, John and Wolski, Felix and Dhariwal, Prafulla and Radford, Alec and Klimov, Oleg},
  title     = {Proximal Policy Optimization Algorithms},
  journal   = {arXiv preprint arXiv:1707.06347},
  year      = {2017},
  url       = {https://arxiv.org/abs/1707.06347}
}

@article{schulman2015trust,
  author    = {Schulman, John and Levine, Sergey and Abbeel, Pieter and Jordan, Michael I. and Moritz, Philipp},
  title     = {Trust Region Policy Optimization},
  journal   = {Proceedings of the 32nd International Conference on Machine Learning},
  volume    = {37},
  pages     = {1889--1897},
  year      = {2015},
  url       = {http://proceedings.mlr.press/v37/schulman15.html}
}

@article{silver2016mastering,
  author    = {David Silver and John Hong and James Gurr and others},
  title     = {Mastering the Game of Go with Deep Neural Networks and Tree Search},
  journal   = {Nature},
  volume    = {529},
  number    = {7587},
  pages     = {484--489},
  year      = {2016},
}

@book{sutton2018reinforcement,
  author    = {Richard S. Sutton and Andrew G. Barto},
  title     = {Reinforcement Learning: An Introduction},
  edition   = {2nd},
  publisher = {MIT Press},
  address   = {Cambridge},
  year      = {2018},
}

@article{turing1950computing,
  author    = {Alan M. Turing},
  title     = {Computing Machinery and Intelligence},
  journal   = {Mind},
  volume    = {59},
  number    = {236},
  pages     = {433--460},
  year      = {1950},
}

@inproceedings{zhu2021player,
  author    = {Yao Zhu and others},
  title     = {Player-IA Interaction: What Neural Network Games Reveal About AI as Play},
  booktitle = {Proceedings of the 2021 ACM Conference on Artificial Intelligence and Interactive Digital Entertainment (AIIDE)},
  year      = {2021},
  pages     = {1--8},
}